@article{Morris,
    author = "{Hilarie Orman}",
    journal = "{IEEE Security \& Privacy}",
    title = "{The Morris Worm: A Fifteen-Year Perspective}",
    url  = "https://www.cs.umd.edu/class/fall2017/cmsc818O/papers/morris-worm.pdf",
    year = "2023",
    month = "10",
    keywords = "bufferoverflow,worm,virus",
    addendum = "{(Accedido: 21.08.2024)}",

}

@online{Fingerd,
    author = "{Jan Brittenson and Brian Fox}",
    title = "{GNU Finger}",
    url  = "https://www.gnu.org/software/finger/manual/html_mono/finger.html",
    year = "1992",
    month = "10",
    addendum = "{(Accedido: 21.08.2024)}",
    keywords = "bufferoverflow,worm,virus"
}

@online{poetry-install,
    author = "{Poetry Community}",
    title = "{Python Poetry}",
    year = "2024",
    month = "8",
    url  = "https://python-poetry.org/docs/",
    addendum = "{(Accedido: 21.08.2024)}",
    keywords = "python,package,management"
}

@online{pycparser,
    author = "{eliben}",
    title = "{pycparser}",
    year = "2010",
    month = "10",
    url  = "https://github.com/eliben/pycparser",
    addendum = "{(Accedido: 21.08.2024)}",
    keywords = "python,package,parser,c,ast"
}

@online{pwntools,
    author = "{Gallopsled}",
    title = "{pwntools}",
    year = "2014",
    month = "7",
    url  = "https://docs.pwntools.com/en/latest/",
    addendum = "{(Accedido: 21.08.2024)}",
    keywords = "python,package,parser,c,ast"
}

@online{structlog,
    author = "{hynek}",
    title = "{structlog}",
    year = "2013",
    month = "9",
    url  = "https://www.structlog.org/en/stable/",
    addendum = "{(Accedido: 21.08.2024)}",
    keywords = "python,package,logging"
}

@conference{ast,
    author = {Qian, Hanwei and Liu, Wei and Ding, Ziqi and Sun, Weisong and Fang, Chunrong},
    year = "2023",
    month = "10",
    pages = {464-475},
    title = "{2023 IEEE 23rd International Conference on Software Quality, Reliability, and Security (QRS)}",
    booktitle = {Abstract Syntax Tree for Method Name Prediction: How Far Are We?},
    doi = {10.1109/QRS60937.2023.00052},
    url = "https://arxiv.org/pdf/2312.00413",
}

@online{ply,
    author = "{David M. Beazley}",
    title = "{Python Lex-Yacc}",
    year = "2001",
    month = "6",
    url  = "https://www.dabeaz.com/ply/ply.html",
    addendum = "{(Accedido: 21.08.2024)}",
    keywords = "python,package,c,parser,ast"
}

@book{x86asm,
    author = "{Kip R. Irvine}",
    title = "{Assembly language for x86 processors}",
    publisher = "{Pearson}",
    year = "2014",
    month = "3",
    day = "21",
    ISBN = "0133769402"
}
